@book{linde2017macroeconomic,
  title={The macroeconomic effects of trade tariffs: Revisiting the lerner symmetry result},
  author={Lind{\'e}, Jesper and Pescatori, Mr Andrea},
  year={2017},
  publisher={International Monetary Fund}
}

@article{casas1991lerner,
  title={Lerner's symmetry theorem revisited},
  author={CASAS, Frangois R},
  journal={Keio economic studies},
  volume={28},
  number={1},
  pages={15--19},
  year={1991},
  publisher={Keio Economic Society, Keio University Tokyo}
}

@techreport{costinot2017lerner,
  title={The Lerner symmetry theorem: generalizations and qualifications},
  author={Costinot, Arnaud and Werning, Iv{\'a}n},
  year={2017},
  institution={National Bureau of Economic Research}
}

@incollection{Feldstein&Krugman,
  title={International trade effects of value-added taxation},
  author={Feldstein, Martin S and Krugman, Paul R},
  booktitle={Taxation in the Global Economy},
  pages={263--282},
  year={1990},
  publisher={University of Chicago Press}
}

@article{farhi2013fiscal,
  title={Fiscal devaluations},
  author={Farhi, Emmanuel and Gopinath, Gita and Itskhoki, Oleg},
  journal={Review of Economic Studies},
  volume={81},
  number={2},
  pages={725--760},
  year={2013},
  publisher={Oxford University Press}
}

@article{grossman1980border,
  title={Border tax adjustments: Do they distort trade?},
  author={Grossman, Gene M},
  journal={Journal of international economics},
  volume={10},
  number={1},
  pages={117--128},
  year={1980},
  publisher={Elsevier}
}

@inproceedings{macmillan1931report,
  title={Report of the Committee on Finance and Industry},
  author={Macmillan Committee and others},
  booktitle={Minutes of Evidence},
  year={1931}
}

@article{gopinath2017macroeconomic,
  title={A macroeconomic perspective on border taxes},
  author={Gopinath, Gita},
  journal={Brookings Papers on Economic Activity},
  pages={433--447},
  year={2017},
  publisher={JSTOR}
}

@misc{krugman1986pricing,
  title={Pricing to market when the exchange rate changes},
  author={Krugman, Paul R},
  year={1986},
  publisher={National Bureau of Economic Research Cambridge, Mass., USA}
}

@article{fendel2008local,
  title={Local currency pricing versus producer currency pricing: Direct evidence from German exporters},
  author={Fendel, Ralf and Frenkel, Michael and Swonke, Christoph},
  journal={German Economic Review},
  volume={9},
  number={2},
  pages={160--179},
  year={2008},
  publisher={Wiley Online Library}
}

@techreport{barbiero2018macroeconomics,
  title={The Macroeconomics of Border Taxes},
  author={Barbiero, Omar and Farhi, Emmanuel and Gopinath, Gita and Itskhoki, Oleg},
  year={2018},
  institution={National Bureau of Economic Research}
}

@article{buiter2017exchange,
  title={Exchange rate implications of Border Tax Adjustment neutrality},
  author={Buiter, Willem H},
  year={2017}
}

@article{meade1974note,
  title={A note on border-tax adjustments},
  author={Meade, James E},
  journal={Journal of Political Economy},
  volume={82},
  number={5},
  pages={1013--1015},
  year={1974},
  publisher={The University of Chicago Press}
}


@techreport{auerbach2017demystifying,
  title={Demystifying the Destination-Based Cash-Flow Tax},
  author={Auerbach, Alan J},
  year={2017},
  institution={National Bureau of Economic Research}
}

@article{auerbach2017destination,
  title={Destination-based cash flow taxation},
  author={Auerbach, Alan J and Devereux, Michael P and Keen, Michael and Vella, John},
  year={2017}
}

@inproceedings{auerbach2016role,
  title={The role of border adjustments in international taxation},
  author={Auerbach, Alan J and Holtz-Eakin, Douglas},
  booktitle={American Action Forum, available at https://www. americanactionforum. org/research/14344},
  year={2016}
}

@article{lerner1936symmetry,
  title={The symmetry between import and export taxes},
  author={Lerner, Abba P},
  journal={Economica},
  volume={3},
  number={11},
  pages={306--313},
  year={1936},
  publisher={JSTOR}
}

@book{casas2017dominant,
  title={Dominant currency paradigm: a new model for small open economies},
  author={Casas, Camila and Diez, Mr Federico and Gopinath, Gita and Gourinchas, Pierre-Olivier},
  year={2017},
  publisher={International Monetary Fund}
}

@article{mckinnon1966intermediate,
  title={Intermediate products and differential tariffs: A generalization of Lerner's symmetry theorem},
  author={McKinnon, Ronald I},
  journal={The Quarterly Journal of Economics},
  volume={80},
  number={4},
  pages={584--615},
  year={1966},
  publisher={MIT Press}
}

@article{feldstein2017house,
  title={The House GOPâ€™s Good Tax Trade-Off},
  author={Feldstein, Martin},
  journal={The Wall Street Journal},
  year={2017}
}

@article{gil2002export,
  title={Export price discrimination in Europe and exchange rates},
  author={Gil-Pareja, Salvador},
  journal={Review of international Economics},
  volume={10},
  number={2},
  pages={299--312},
  year={2002},
  publisher={Wiley Online Library}
}

@article{marston1990pricing,
  title={Pricing to market in Japanese manufacturing},
  author={Marston, Richard C},
  journal={Journal of International Economics},
  volume={29},
  number={3-4},
  pages={217--236},
  year={1990},
  publisher={Elsevier}
}

@book{bhagwati1998lectures,
  title={Lectures on international trade},
  author={Bhagwati, Jagdish N and Panagariya, Arvind and Srinivasan, Thirukodikaval N},
  pages={215--218},
  year={1998},
  publisher={MIT press}
}